<?xml version="1.0" encoding="UTF-8"?><collection xmlns="http://www.loc.gov/MARC21/slim"><record><leader>00489nam--2200181-u-4500</leader><controlfield tag="001">000055036</controlfield><controlfield tag="002">20161230</controlfield><controlfield tag="005">20161230201051</controlfield><controlfield tag="008">121025s1000------------r-----000-0-rus-d</controlfield><datafield ind1=" " ind2=" " tag="040"><subfield code="a">IFIN-HH</subfield></datafield><datafield ind1=" " ind2=" " tag="041"><subfield code="a">rus</subfield></datafield><datafield ind1=" " ind2=" " tag="080"><subfield code="a">539.2:669.017</subfield></datafield><datafield ind1="1" ind2=" " tag="110"><subfield code="a">Akademia Nauk Gruzinskoi SSR</subfield></datafield><datafield ind1="1" ind2="0" tag="245"><subfield code="a">Radiationnaia fizika tverdogo tela i radiationnoe materialovenie</subfield><subfield code="b">Volume i</subfield></datafield><datafield ind1=" " ind2=" " tag="260"><subfield code="a">Tbilisi</subfield><subfield code="b">Metniereba</subfield><subfield code="c">1974</subfield></datafield><datafield ind1=" " ind2=" " tag="300"><subfield code="a">210P</subfield></datafield><datafield ind1=" " ind2=" " tag="852"><subfield code="a">42838</subfield><subfield code="c">539.2</subfield></datafield><datafield ind1=" " ind2=" " tag="CAT"><subfield code="a">Sys</subfield><subfield code="c">20121025</subfield><subfield code="h">100047</subfield></datafield></record></collection>